@article{zheng2019water,
  title={Water wave optimization for combinatorial optimization: Design strategies and applications},
  author={Zheng, Yu-Jun and Lu, Xue-Qin and Du, Yi-Chen and Xue, Yu and Sheng, Wei-Guo},
  journal={Applied Soft Computing},
  volume={83},
  pages={105611},
  year={2019},
  publisher={Elsevier}
}

@article{zheng2015water,
  title={Water wave optimization: a new nature-inspired metaheuristic},
  author={Zheng, Yu-Jun},
  journal={Computers \& Operations Research},
  volume={55},
  pages={1--11},
  year={2015},
  publisher={Elsevier}
}

@article{hussain2019metaheuristic,
  title={Metaheuristic research: a comprehensive survey},
  author={Hussain, Kashif and Mohd Salleh, Mohd Najib and Cheng, Shi and Shi, Yuhui},
  journal={Artificial intelligence review},
  volume={52},
  number={4},
  pages={2191--2233},
  year={2019},
  publisher={Springer}
}

@article{wang2017adaptive,
  title={Adaptive water wave optimization algorithm based on simulated annealing},
  author={Wang, WL and Chen, C and Li, Li and Li, WK},
  journal={Comput. Sci.},
  volume={44},
  number={10},
  pages={216--227},
  year={2017}
}

@article{choudhury2023energy,
  title={Energy management and power quality improvement of microgrid system through modified water wave optimization},
  author={Choudhury, Subhashree and Varghese, George Tom and Mohanty, Satyajit and Kolluru, Venkata Ratnam and Bajaj, Mohit and Blazek, Vojtech and Prokop, Lukas and Misak, Stanislav},
  journal={Energy Reports},
  volume={9},
  pages={6020--6041},
  year={2023},
  publisher={Elsevier}
}